@misc{Docker,
title = {Docker},
howpublished = {\url{https://www.docker.com/}}
}

@misc{DockerSwarm,
title = {Docker Swarm},
howpublished = {\url{https://docs.docker.com/swarm/overview/}}
}

@misc{CRIU,
title = {CRIU},
howpublished = {\url{https://criu.org/Main_Page}}
}

@article{yu2015live,
  title={Live Migration of Docker Containers through Logging and Replay},
  author={Yu, Chenying and Huan, Fei},
  year={2015}
}

@article{yang2015checkpoint,
  title={Checkpoint and Restoration of Micro-service in Docker Containers},
  author={Yang, Chen},
  year={2015}
}

@inproceedings{hines2009post,
  title={Post-copy based live virtual machine migration using adaptive pre-paging and dynamic self-ballooning},
  author={Hines, Michael R and Gopalan, Kartik},
  booktitle={Proceedings of the 2009 ACM SIGPLAN/SIGOPS international conference on Virtual execution environments},
  pages={51--60},
  year={2009},
  organization={ACM}
}